
<record>
  <leader>00651nam  2200241   4500</leader>
  <controlfield tag="001">1225714</controlfield>
  <controlfield tag="008">120207                a          10dan 2</controlfield>
  <datafield tag="015" ind1=" " ind2=" ">
    <subfield code="a">0279837</subfield>
    <subfield code="b">BIBBI</subfield>
  </datafield>
  <datafield tag="015" ind1=" " ind2=" ">
    <subfield code="a">5168388</subfield>
    <subfield code="b">BibliofilID</subfield>
  </datafield>
  <datafield tag="015" ind1=" " ind2=" ">
    <subfield code="a">7267103</subfield>
    <subfield code="b">BibliofilID</subfield>
  </datafield>
  <datafield tag="019" ind1=" " ind2=" ">
    <subfield code="b">l</subfield>
    <subfield code="d">R</subfield>
  </datafield>
  <datafield tag="020" ind1=" " ind2=" ">
    <subfield code="a">978-87-638-1194-1</subfield>
    <subfield code="b">ib.</subfield>
    <subfield code="c">Nkr 270.00</subfield>
  </datafield>
  <datafield tag="090" ind1=" " ind2=" ">
    <subfield code="d">Ben</subfield>
  </datafield>
  <datafield tag="100" ind1=" " ind2="0">
    <subfield code="a">Bengtsson, Jonas T.</subfield>
    <subfield code="d">1976-</subfield>
    <subfield code="j">d.</subfield>
    <subfield code="3">2039507800</subfield>
  </datafield>
  <datafield tag="245" ind1="1" ind2="0">
    <subfield code="a">Et eventyr</subfield>
    <subfield code="b">roman</subfield>
    <subfield code="c">Jonas T. Bengtsson</subfield>
  </datafield>
  <datafield tag="250" ind1=" " ind2=" ">
    <subfield code="a">2. opl.</subfield>
  </datafield>
  <datafield tag="260" ind1=" " ind2=" ">
    <subfield code="a">K©ıbenhavn</subfield>
    <subfield code="b">Rosinante</subfield>
    <subfield code="c">2011</subfield>
  </datafield>
  <datafield tag="300" ind1=" " ind2=" ">
    <subfield code="a">381 s.</subfield>
  </datafield>
  <datafield tag="590" ind1=" " ind2=" ">
    <subfield code="a">12-uke6a</subfield>
  </datafield>
  <datafield tag="599" ind1=" " ind2=" ">
    <subfield code="a">12x0207s</subfield>
  </datafield>
  <datafield tag="691" ind1=" " ind2=" ">
    <subfield code="a">Oppvekst</subfield>
    <subfield code="x">Fortellinger</subfield>
    <subfield code="3">2045801100</subfield>
  </datafield>
  <datafield tag="699" ind1=" " ind2=" ">
    <subfield code="a">Oppvekst</subfield>
    <subfield code="2">BS</subfield>
  </datafield>
  <datafield tag="850" ind1=" " ind2=" ">
    <subfield code="a">hutl</subfield>
  </datafield>
</record>