
<record>
  <leader>01116nam  2200433   4500</leader>
  <controlfield tag="001">0408413</controlfield>
  <controlfield tag="008">930908                a          10nob 2</controlfield>
  <datafield tag="015" ind1=" " ind2=" ">
    <subfield code="a">446549</subfield>
    <subfield code="b">BibliofilID</subfield>
  </datafield>
  <datafield tag="019" ind1=" " ind2=" ">
    <subfield code="b">l</subfield>
    <subfield code="d">R</subfield>
  </datafield>
  <datafield tag="020" ind1=" " ind2=" ">
    <subfield code="a">82-02-14459-0</subfield>
    <subfield code="b">ib.</subfield>
    <subfield code="c">Nkr 149.00</subfield>
  </datafield>
  <datafield tag="090" ind1=" " ind2=" ">
    <subfield code="d">Chr</subfield>
  </datafield>
  <datafield tag="099" ind1=" " ind2=" ">
    <subfield code="a">xrs0908</subfield>
  </datafield>
  <datafield tag="100" ind1=" " ind2="0">
    <subfield code="a">Christensen, Lars Saabye</subfield>
    <subfield code="d">1953-</subfield>
    <subfield code="j">n.</subfield>
    <subfield code="w">Christensen, Lars S©Æbye</subfield>
    <subfield code="3">12594400</subfield>
  </datafield>
  <datafield tag="245" ind1=" " ind2=" ">
    <subfield code="a">Beatles</subfield>
    <subfield code="c">Lars Saabye Christensen</subfield>
  </datafield>
  <datafield tag="260" ind1=" " ind2=" ">
    <subfield code="a">[Oslo]</subfield>
    <subfield code="b">Cappelen</subfield>
    <subfield code="c">1993</subfield>
  </datafield>
  <datafield tag="300" ind1=" " ind2=" ">
    <subfield code="a">538 s.</subfield>
  </datafield>
  <datafield tag="440" ind1=" " ind2=" ">
    <subfield code="a">Cappelens storb©ıker</subfield>
    <subfield code="3">1302200</subfield>
  </datafield>
  <datafield tag="500" ind1=" " ind2=" ">
    <subfield code="a">1. utg.: Cappelen, 198</subfield>
  </datafield>
  <datafield tag="503" ind1=" " ind2=" ">
    <subfield code="a">Forts. i: Bl</subfield>
  </datafield>
  <datafield tag="590" ind1=" " ind2=" ">
    <subfield code="a">a93-1</subfield>
  </datafield>
  <datafield tag="599" ind1=" " ind2=" ">
    <subfield code="a">11</subfield>
  </datafield>
  <datafield tag="653" ind1=" " ind2=" ">
    <subfield code="a">1960-tallet</subfield>
    <subfield code="1">db</subfield>
    <subfield code="3">3448300</subfield>
  </datafield>
  <datafield tag="691" ind1=" " ind2=" ">
    <subfield code="a">Oppvekst</subfield>
    <subfield code="x">Fortellinger</subfield>
    <subfield code="3">204580110</subfield>
  </datafield>
  <datafield tag="691" ind1=" " ind2=" ">
    <subfield code="a">Oslo</subfield>
    <subfield code="x">Frogner</subfield>
    <subfield code="x">Fortellinger</subfield>
    <subfield code="3">204039400</subfield>
  </datafield>
  <datafield tag="691" ind1=" " ind2=" ">
    <subfield code="a">Ungdom</subfield>
    <subfield code="x">Fortellinger</subfield>
    <subfield code="3">1023790</subfield>
  </datafield>
  <datafield tag="699" ind1=" " ind2=" ">
    <subfield code="a">Ungdom</subfield>
    <subfield code="x">Oslo</subfield>
    <subfield code="x">Fortellinger</subfield>
    <subfield code="1">305.235094821</subfield>
    <subfield code="2">B</subfield>
  </datafield>
  <datafield tag="785" ind1=" " ind2=" ">
    <subfield code="w">32405</subfield>
  </datafield>
  <datafield tag="850" ind1=" " ind2=" ">
    <subfield code="a">fbj</subfield>
  </datafield>
  <datafield tag="850" ind1=" " ind2=" ">
    <subfield code="a">fbj</subfield>
  </datafield>
  <datafield tag="850" ind1=" " ind2=" ">
    <subfield code="a">fbo</subfield>
  </datafield>
  <datafield tag="850" ind1=" " ind2=" ">
    <subfield code="a">ffu</subfield>
  </datafield>
  <datafield tag="850" ind1=" " ind2=" ">
    <subfield code="a">ffu</subfield>
  </datafield>
  <datafield tag="850" ind1=" " ind2=" ">
    <subfield code="a">ffu</subfield>
  </datafield>
  <datafield tag="850" ind1=" " ind2=" ">
    <subfield code="a">fgr</subfield>
  </datafield>
  <datafield tag="850" ind1=" " ind2=" ">
    <subfield code="a">fla</subfield>
  </datafield>
  <datafield tag="850" ind1=" " ind2=" ">
    <subfield code="a">fto</subfield>
  </datafield>
  <datafield tag="850" ind1=" " ind2=" ">
    <subfield code="a">fto</subfield>
  </datafield>
  <datafield tag="850" ind1=" " ind2=" ">
    <subfield code="a">hba</subfield>
  </datafield>
  <datafield tag="850" ind1=" " ind2=" ">
    <subfield code="a">hut</subfield>
  </datafield>
</record>