
<record>
  <leader>00768nam  2200277   4500</leader>
  <controlfield tag="001">0189069</controlfield>
  <controlfield tag="008">900103                a          10nob</controlfield>
  <datafield tag="015" ind1=" " ind2=" ">
    <subfield code="a">69778</subfield>
    <subfield code="b">BibliofilID</subfield>
  </datafield>
  <datafield tag="019" ind1=" " ind2=" ">
    <subfield code="a">u</subfield>
    <subfield code="b">l</subfield>
    <subfield code="d">R</subfield>
    <subfield code="d">R</subfield>
  </datafield>
  <datafield tag="020" ind1=" " ind2=" ">
    <subfield code="a">82-02-11880-8</subfield>
    <subfield code="b">ib.</subfield>
    <subfield code="c">Nkr 198.00</subfield>
  </datafield>
  <datafield tag="090" ind1=" " ind2=" ">
    <subfield code="b">Chr</subfield>
  </datafield>
  <datafield tag="100" ind1=" " ind2="0">
    <subfield code="a">Christensen, Lars Saabye</subfield>
    <subfield code="d">1953-</subfield>
    <subfield code="j">n.</subfield>
    <subfield code="w">Christensen, Lars S©Æbye</subfield>
    <subfield code="3">12594400</subfield>
  </datafield>
  <datafield tag="245" ind1=" " ind2=" ">
    <subfield code="a">Herman</subfield>
    <subfield code="c">Lars Saabye Christensen</subfield>
  </datafield>
  <datafield tag="260" ind1=" " ind2=" ">
    <subfield code="a">[Oslo]</subfield>
    <subfield code="b">Cappelen</subfield>
    <subfield code="c">1988</subfield>
  </datafield>
  <datafield tag="300" ind1=" " ind2=" ">
    <subfield code="a">216 s.</subfield>
  </datafield>
  <datafield tag="599" ind1=" " ind2=" ">
    <subfield code="a">xbu0411</subfield>
  </datafield>
  <datafield tag="653" ind1=" " ind2=" ">
    <subfield code="a">1960-tallet</subfield>
    <subfield code="1">db</subfield>
    <subfield code="3">34483000</subfield>
  </datafield>
  <datafield tag="691" ind1=" " ind2=" ">
    <subfield code="a">Barn</subfield>
    <subfield code="x">Fortellinger</subfield>
    <subfield code="3">10525200</subfield>
  </datafield>
  <datafield tag="691" ind1=" " ind2=" ">
    <subfield code="a">Oppvekst</subfield>
    <subfield code="x">Fortellinger</subfield>
    <subfield code="3">2045801100</subfield>
  </datafield>
  <datafield tag="691" ind1=" " ind2=" ">
    <subfield code="a">Oslo</subfield>
    <subfield code="x">Frogner</subfield>
    <subfield code="x">Fortellinger</subfield>
    <subfield code="3">2040394000</subfield>
  </datafield>
  <datafield tag="850" ind1=" " ind2=" ">
    <subfield code="a">fgry</subfield>
  </datafield>
  <datafield tag="850" ind1=" " ind2=" ">
    <subfield code="a">flam</subfield>
  </datafield>
  <datafield tag="850" ind1=" " ind2=" ">
    <subfield code="a">flam</subfield>
  </datafield>
  <datafield tag="850" ind1=" " ind2=" ">
    <subfield code="a">fmaj</subfield>
  </datafield>
  <datafield tag="850" ind1=" " ind2=" ">
    <subfield code="a">fmaj</subfield>
  </datafield>
  <datafield tag="850" ind1=" " ind2=" ">
    <subfield code="a">frik</subfield>
  </datafield>
</record>