
<record>
  <leader>01364nam  2200565   4500</leader>
  <controlfield tag="001">0634624</controlfield>
  <controlfield tag="008">041028                a          1anob 2</controlfield>
  <datafield tag="015" ind1=" " ind2=" ">
    <subfield code="a">0149118</subfield>
    <subfield code="b">BIBBI</subfield>
  </datafield>
  <datafield tag="015" ind1=" " ind2=" ">
    <subfield code="a">838341</subfield>
    <subfield code="b">BibliofilID</subfield>
  </datafield>
  <datafield tag="019" ind1=" " ind2=" ">
    <subfield code="b">l</subfield>
    <subfield code="d">R</subfield>
  </datafield>
  <datafield tag="020" ind1=" " ind2=" ">
    <subfield code="a">82-02-24312-2</subfield>
  </datafield>
  <datafield tag="020" ind1=" " ind2=" ">
    <subfield code="a">82-05-33214-2</subfield>
    <subfield code="b">ib.</subfield>
    <subfield code="c">Nkr 329.00</subfield>
  </datafield>
  <datafield tag="082" ind1="3" ind2="1">
    <subfield code="2">5</subfield>
  </datafield>
  <datafield tag="090" ind1=" " ind2=" ">
    <subfield code="d">Fro</subfield>
  </datafield>
  <datafield tag="100" ind1=" " ind2="0">
    <subfield code="a">Frobenius, Nikolaj</subfield>
    <subfield code="d">1965-</subfield>
    <subfield code="j">n.</subfield>
    <subfield code="3">12657900</subfield>
  </datafield>
  <datafield tag="245" ind1="1" ind2="0">
    <subfield code="a">Teori og praksis</subfield>
    <subfield code="b">roman</subfield>
  </datafield>
  <datafield tag="260" ind1=" " ind2=" ">
    <subfield code="a">[Oslo]</subfield>
    <subfield code="b">Gyldendal</subfield>
    <subfield code="c">2004</subfield>
  </datafield>
  <datafield tag="300" ind1=" " ind2=" ">
    <subfield code="a">288 s.</subfield>
    <subfield code="b">ill.</subfield>
  </datafield>
  <datafield tag="599" ind1=" " ind2=" ">
    <subfield code="a">04x1028s a04-19</subfield>
  </datafield>
  <datafield tag="600" ind1=" " ind2="2">
    <subfield code="a">Frobenius, Nikolaj</subfield>
    <subfield code="x">Fortellinger</subfield>
    <subfield code="3">33431800</subfield>
  </datafield>
  <datafield tag="653" ind1=" " ind2="2">
    <subfield code="a">1970-tallet</subfield>
    <subfield code="1">db</subfield>
    <subfield code="3">34483600</subfield>
  </datafield>
  <datafield tag="655" ind1=" " ind2="2">
    <subfield code="a">Biografisk</subfield>
    <subfield code="3">19661300</subfield>
  </datafield>
  <datafield tag="691" ind1=" " ind2="2">
    <subfield code="a">B©Œrum</subfield>
    <subfield code="x">Rykkinn</subfield>
    <subfield code="x">Fortellinger</subfield>
    <subfield code="3">2044399100</subfield>
  </datafield>
  <datafield tag="691" ind1=" " ind2=" ">
    <subfield code="a">Oppvekst</subfield>
    <subfield code="x">Fortellinger</subfield>
    <subfield code="3">2045801100</subfield>
  </datafield>
  <datafield tag="691" ind1=" " ind2=" ">
    <subfield code="a">Ungdom</subfield>
    <subfield code="x">Fortellinger</subfield>
    <subfield code="3">10237900</subfield>
  </datafield>
  <datafield tag="699" ind1=" " ind2=" ">
    <subfield code="a">Biografisk</subfield>
  </datafield>
  <datafield tag="699" ind1=" " ind2=" ">
    <subfield code="a">Frobenius, Nikolaj</subfield>
    <subfield code="x">Fortellinger</subfield>
    <subfield code="1">839.82</subfield>
    <subfield code="2">BS</subfield>
  </datafield>
  <datafield tag="850" ind1=" " ind2=" ">
    <subfield code="a">fbje</subfield>
  </datafield>
  <datafield tag="850" ind1=" " ind2=" ">
    <subfield code="a">fbjo</subfield>
  </datafield>
  <datafield tag="850" ind1=" " ind2=" ">
    <subfield code="a">fbjo</subfield>
  </datafield>
  <datafield tag="850" ind1=" " ind2=" ">
    <subfield code="a">fbol</subfield>
  </datafield>
  <datafield tag="850" ind1=" " ind2=" ">
    <subfield code="a">fgam</subfield>
  </datafield>
  <datafield tag="850" ind1=" " ind2=" ">
    <subfield code="a">fgry</subfield>
  </datafield>
  <datafield tag="850" ind1=" " ind2=" ">
    <subfield code="a">fhol</subfield>
  </datafield>
  <datafield tag="850" ind1=" " ind2=" ">
    <subfield code="a">flam</subfield>
  </datafield>
  <datafield tag="850" ind1=" " ind2=" ">
    <subfield code="a">fmaj</subfield>
  </datafield>
  <datafield tag="850" ind1=" " ind2=" ">
    <subfield code="a">fmaj</subfield>
  </datafield>
  <datafield tag="850" ind1=" " ind2=" ">
    <subfield code="a">fmaj</subfield>
  </datafield>
  <datafield tag="850" ind1=" " ind2=" ">
    <subfield code="a">fmaj</subfield>
  </datafield>
  <datafield tag="850" ind1=" " ind2=" ">
    <subfield code="a">fnor</subfield>
  </datafield>
  <datafield tag="850" ind1=" " ind2=" ">
    <subfield code="a">fopp</subfield>
  </datafield>
  <datafield tag="850" ind1=" " ind2=" ">
    <subfield code="a">frik</subfield>
  </datafield>
  <datafield tag="850" ind1=" " ind2=" ">
    <subfield code="a">froa</subfield>
  </datafield>
  <datafield tag="850" ind1=" " ind2=" ">
    <subfield code="a">fsto</subfield>
  </datafield>
  <datafield tag="850" ind1=" " ind2=" ">
    <subfield code="a">ftor</subfield>
  </datafield>
  <datafield tag="850" ind1=" " ind2=" ">
    <subfield code="a">ftor</subfield>
  </datafield>
  <datafield tag="850" ind1=" " ind2=" ">
    <subfield code="a">hutl</subfield>
  </datafield>
  <datafield tag="850" ind1=" " ind2=" ">
    <subfield code="a">hutl</subfield>
  </datafield>
  <datafield tag="850" ind1=" " ind2=" ">
    <subfield code="a">hutl</subfield>
  </datafield>
  <datafield tag="850" ind1=" " ind2=" ">
    <subfield code="a">hutl</subfield>
  </datafield>
</record>