
<record>
  <leader>00662nam  2200229   4500</leader>
  <controlfield tag="001">1171433</controlfield>
  <controlfield tag="008">111003                a          10eng 2</controlfield>
  <datafield tag="015" ind1=" " ind2=" ">
    <subfield code="a">0274419</subfield>
    <subfield code="b">BIBBI</subfield>
  </datafield>
  <datafield tag="015" ind1=" " ind2=" ">
    <subfield code="a">5151698</subfield>
    <subfield code="b">BibliofilID</subfield>
  </datafield>
  <datafield tag="019" ind1=" " ind2=" ">
    <subfield code="b">l</subfield>
    <subfield code="d">R</subfield>
  </datafield>
  <datafield tag="020" ind1=" " ind2=" ">
    <subfield code="a">978-1-84243-505-2</subfield>
    <subfield code="b">h.</subfield>
    <subfield code="c">Nkr 110.00</subfield>
  </datafield>
  <datafield tag="090" ind1=" " ind2=" ">
    <subfield code="c">ENG</subfield>
    <subfield code="d">Hol</subfield>
  </datafield>
  <datafield tag="100" ind1=" " ind2="0">
    <subfield code="a">Holohan, Kevin</subfield>
    <subfield code="j">ir.</subfield>
    <subfield code="3">2045604700</subfield>
  </datafield>
  <datafield tag="245" ind1="1" ind2="0">
    <subfield code="a">The Brothers' lot</subfield>
    <subfield code="b">a novel</subfield>
    <subfield code="c">by Kevin Holohan</subfield>
  </datafield>
  <datafield tag="260" ind1=" " ind2=" ">
    <subfield code="a">Harpenden</subfield>
    <subfield code="b">No Exit</subfield>
    <subfield code="c">2011</subfield>
  </datafield>
  <datafield tag="300" ind1=" " ind2=" ">
    <subfield code="a">317 s.</subfield>
  </datafield>
  <datafield tag="590" ind1=" " ind2=" ">
    <subfield code="a">11-uke40a</subfield>
  </datafield>
  <datafield tag="599" ind1=" " ind2=" ">
    <subfield code="a">11x1003gq</subfield>
  </datafield>
  <datafield tag="691" ind1=" " ind2="2">
    <subfield code="a">Internatskoler</subfield>
    <subfield code="x">Fortellinger</subfield>
    <subfield code="3">23473400</subfield>
  </datafield>
  <datafield tag="691" ind1=" " ind2="2">
    <subfield code="a">Irland</subfield>
    <subfield code="x">Fortellinger</subfield>
    <subfield code="3">10883900</subfield>
  </datafield>
  <datafield tag="691" ind1=" " ind2="2">
    <subfield code="a">Oppvekst</subfield>
    <subfield code="x">Fortellinger</subfield>
    <subfield code="3">2045801100</subfield>
  </datafield>
  <datafield tag="850" ind1=" " ind2=" ">
    <subfield code="a">hutl</subfield>
  </datafield>
</record>