
<record>
  <leader>00676nam  2200253   4500</leader>
  <controlfield tag="001">0348455</controlfield>
  <controlfield tag="008">920511                a          10nno 2</controlfield>
  <datafield tag="015" ind1=" " ind2=" ">
    <subfield code="a">350687</subfield>
    <subfield code="b">BibliofilID</subfield>
  </datafield>
  <datafield tag="019" ind1=" " ind2=" ">
    <subfield code="b">l</subfield>
    <subfield code="d">R</subfield>
  </datafield>
  <datafield tag="020" ind1=" " ind2=" ">
    <subfield code="a">82-521-3891-8</subfield>
    <subfield code="b">h.</subfield>
    <subfield code="c">Nkr 59.00</subfield>
  </datafield>
  <datafield tag="090" ind1=" " ind2=" ">
    <subfield code="d">Hov</subfield>
  </datafield>
  <datafield tag="100" ind1=" " ind2="0">
    <subfield code="a">Hovland, Ragnar</subfield>
    <subfield code="d">1952-</subfield>
    <subfield code="j">n.</subfield>
    <subfield code="1">839.828</subfield>
    <subfield code="6">839.82 x</subfield>
    <subfield code="3">10532400</subfield>
  </datafield>
  <datafield tag="245" ind1="1" ind2="0">
    <subfield code="a">Sj©ılvmord i Skilpaddekaf©♭en</subfield>
    <subfield code="c">Ragnar Hovlan</subfield>
  </datafield>
  <datafield tag="250" ind1=" " ind2=" ">
    <subfield code="a">2. utg</subfield>
  </datafield>
  <datafield tag="260" ind1=" " ind2=" ">
    <subfield code="a">Oslo</subfield>
    <subfield code="b">Norske samlaget</subfield>
    <subfield code="c">199</subfield>
  </datafield>
  <datafield tag="300" ind1=" " ind2=" ">
    <subfield code="a">232 s</subfield>
  </datafield>
  <datafield tag="440" ind1=" " ind2=" ">
    <subfield code="a">Orion</subfield>
    <subfield code="p">Ny rekkje</subfield>
    <subfield code="3">2417380</subfield>
  </datafield>
  <datafield tag="500" ind1=" " ind2=" ">
    <subfield code="a">1. utg.: 198</subfield>
  </datafield>
  <datafield tag="500" ind1=" " ind2=" ">
    <subfield code="a">Nynorsk teks</subfield>
  </datafield>
  <datafield tag="599" ind1=" " ind2=" ">
    <subfield code="a">a92-</subfield>
  </datafield>
  <datafield tag="599" ind1=" " ind2=" ">
    <subfield code="a">xal051</subfield>
  </datafield>
  <datafield tag="691" ind1=" " ind2=" ">
    <subfield code="a">Oppvekst</subfield>
    <subfield code="x">Fortellinger</subfield>
    <subfield code="3">204580110</subfield>
  </datafield>
  <datafield tag="850" ind1=" " ind2=" ">
    <subfield code="a">hut</subfield>
  </datafield>
  <datafield tag="850" ind1=" " ind2=" ">
    <subfield code="a">hut</subfield>
  </datafield>
</record>