
<record>
  <leader>00774nam  2200313   4500</leader>
  <controlfield tag="001">0201361</controlfield>
  <controlfield tag="008">900601                a          10nob 2</controlfield>
  <datafield tag="015" ind1=" " ind2=" ">
    <subfield code="a">94575</subfield>
    <subfield code="b">BibliofilID</subfield>
  </datafield>
  <datafield tag="019" ind1=" " ind2=" ">
    <subfield code="b">l</subfield>
    <subfield code="d">R</subfield>
  </datafield>
  <datafield tag="020" ind1=" " ind2=" ">
    <subfield code="a">82-525-1230-5</subfield>
    <subfield code="b">ib.</subfield>
    <subfield code="c">Nkr 71.00</subfield>
  </datafield>
  <datafield tag="090" ind1=" " ind2=" ">
    <subfield code="d">H©Æl</subfield>
  </datafield>
  <datafield tag="100" ind1=" " ind2=" ">
    <subfield code="a">Haalke, Magnhild</subfield>
    <subfield code="d">1885-1984</subfield>
    <subfield code="j">n.</subfield>
    <subfield code="w">H©Ælke, Magnhild</subfield>
    <subfield code="3">1460330</subfield>
  </datafield>
  <datafield tag="245" ind1=" " ind2=" ">
    <subfield code="a">Allis s©ınn</subfield>
    <subfield code="c">Magnhild Haalke ; etterord av Haagen Ringn</subfield>
  </datafield>
  <datafield tag="260" ind1=" " ind2=" ">
    <subfield code="a">[Stabekk]</subfield>
    <subfield code="b">Den Norske bokklubben</subfield>
    <subfield code="c">19</subfield>
  </datafield>
  <datafield tag="300" ind1=" " ind2=" ">
    <subfield code="a">175 s.</subfield>
    <subfield code="c">22 cm</subfield>
    <subfield code="b">por</subfield>
  </datafield>
  <datafield tag="500" ind1=" " ind2=" ">
    <subfield code="a">1. utgave 19</subfield>
  </datafield>
  <datafield tag="500" ind1=" " ind2=" ">
    <subfield code="a">Utgitt som: M©Ænedens </subfield>
  </datafield>
  <datafield tag="599" ind1=" " ind2=" ">
    <subfield code="a">xje0</subfield>
  </datafield>
  <datafield tag="691" ind1=" " ind2=" ">
    <subfield code="a">Oppvekst</subfield>
    <subfield code="x">Fortellinger</subfield>
    <subfield code="3">2045801</subfield>
  </datafield>
  <datafield tag="850" ind1=" " ind2=" ">
    <subfield code="a">f</subfield>
  </datafield>
  <datafield tag="850" ind1=" " ind2=" ">
    <subfield code="a">f</subfield>
  </datafield>
  <datafield tag="850" ind1=" " ind2=" ">
    <subfield code="a">f</subfield>
  </datafield>
  <datafield tag="850" ind1=" " ind2=" ">
    <subfield code="a">f</subfield>
  </datafield>
  <datafield tag="850" ind1=" " ind2=" ">
    <subfield code="a">f</subfield>
  </datafield>
  <datafield tag="850" ind1=" " ind2=" ">
    <subfield code="a">h</subfield>
  </datafield>
  <datafield tag="850" ind1=" " ind2=" ">
    <subfield code="a">h</subfield>
  </datafield>
  <datafield tag="850" ind1=" " ind2=" ">
    <subfield code="a">h</subfield>
  </datafield>
  <datafield tag="850" ind1=" " ind2=" ">
    <subfield code="a">h</subfield>
  </datafield>
  <datafield tag="850" ind1=" " ind2=" ">
    <subfield code="a">h</subfield>
  </datafield>
</record>