
<record>
  <leader>00649nam  2200241   4500</leader>
  <controlfield tag="001">0325323</controlfield>
  <controlfield tag="008">920103                a          10nob 2</controlfield>
  <datafield tag="015" ind1=" " ind2=" ">
    <subfield code="a">318427</subfield>
    <subfield code="b">BibliofilID</subfield>
  </datafield>
  <datafield tag="019" ind1=" " ind2=" ">
    <subfield code="b">l</subfield>
    <subfield code="d">R</subfield>
  </datafield>
  <datafield tag="020" ind1=" " ind2=" ">
    <subfield code="a">82-03-16927-9</subfield>
    <subfield code="b">h.</subfield>
    <subfield code="c">nkr 69.00</subfield>
  </datafield>
  <datafield tag="090" ind1=" " ind2=" ">
    <subfield code="d">H©Æl</subfield>
  </datafield>
  <datafield tag="100" ind1=" " ind2=" ">
    <subfield code="a">Haalke, Magnhild</subfield>
    <subfield code="d">1885-1984</subfield>
    <subfield code="j">n.</subfield>
    <subfield code="w">H©Ælke, Magnhild</subfield>
    <subfield code="3">1460330</subfield>
  </datafield>
  <datafield tag="245" ind1=" " ind2=" ">
    <subfield code="a">Allis s©ınn</subfield>
    <subfield code="c">Magnhild Haal</subfield>
  </datafield>
  <datafield tag="260" ind1=" " ind2=" ">
    <subfield code="a">Oslo</subfield>
    <subfield code="b">Aschehoug</subfield>
    <subfield code="c">19</subfield>
  </datafield>
  <datafield tag="300" ind1=" " ind2=" ">
    <subfield code="a">171 </subfield>
  </datafield>
  <datafield tag="440" ind1=" " ind2=" ">
    <subfield code="a">Omega</subfield>
    <subfield code="3">133889</subfield>
  </datafield>
  <datafield tag="500" ind1=" " ind2=" ">
    <subfield code="a">1 utg.: 19</subfield>
  </datafield>
  <datafield tag="500" ind1=" " ind2=" ">
    <subfield code="a">Bibliografi over M. Haalkes forfatterskap: s. [17</subfield>
  </datafield>
  <datafield tag="599" ind1=" " ind2=" ">
    <subfield code="a">a92</subfield>
  </datafield>
  <datafield tag="599" ind1=" " ind2=" ">
    <subfield code="a">xal02</subfield>
  </datafield>
  <datafield tag="691" ind1=" " ind2=" ">
    <subfield code="a">Oppvekst</subfield>
    <subfield code="x">Fortellinger</subfield>
    <subfield code="3">20458011</subfield>
  </datafield>
  <datafield tag="850" ind1=" " ind2=" ">
    <subfield code="a">hu</subfield>
  </datafield>
  <datafield tag="850" ind1=" " ind2=" ">
    <subfield code="a">hu</subfield>
  </datafield>
</record>