
<record>
  <leader>00786nam  2200253   4500</leader>
  <controlfield tag="001">0629777</controlfield>
  <controlfield tag="008">040924                a          10nob 2</controlfield>
  <datafield tag="015" ind1=" " ind2=" ">
    <subfield code="a">0147822</subfield>
    <subfield code="b">BIBBI</subfield>
  </datafield>
  <datafield tag="015" ind1=" " ind2=" ">
    <subfield code="a">834275</subfield>
    <subfield code="b">BibliofilID</subfield>
  </datafield>
  <datafield tag="019" ind1=" " ind2=" ">
    <subfield code="b">l</subfield>
    <subfield code="d">R</subfield>
  </datafield>
  <datafield tag="020" ind1=" " ind2=" ">
    <subfield code="a">82-495-0244-2</subfield>
    <subfield code="b">ib.</subfield>
    <subfield code="c">Nkr 348.00</subfield>
  </datafield>
  <datafield tag="090" ind1=" " ind2=" ">
    <subfield code="d">H©Æv</subfield>
  </datafield>
  <datafield tag="100" ind1=" " ind2=" ">
    <subfield code="a">Haavardsholm, Espen</subfield>
    <subfield code="d">1945-</subfield>
    <subfield code="j">n.</subfield>
    <subfield code="w">H©Ævardsholm, Espen</subfield>
    <subfield code="3">1025720</subfield>
  </datafield>
  <datafield tag="245" ind1=" " ind2=" ">
    <subfield code="a">Gutten p©Æ passbildet</subfield>
    <subfield code="b">roman</subfield>
    <subfield code="c">Espen Haavardsho</subfield>
  </datafield>
  <datafield tag="260" ind1=" " ind2=" ">
    <subfield code="a">[Oslo]</subfield>
    <subfield code="b">Oktober</subfield>
    <subfield code="c">20</subfield>
  </datafield>
  <datafield tag="300" ind1=" " ind2=" ">
    <subfield code="a">310 s.</subfield>
    <subfield code="b">il</subfield>
  </datafield>
  <datafield tag="503" ind1=" " ind2=" ">
    <subfield code="a">Frittst©Æende forts. i: T</subfield>
  </datafield>
  <datafield tag="599" ind1=" " ind2=" ">
    <subfield code="a">04x0903a©ı a0</subfield>
  </datafield>
  <datafield tag="600" ind1=" " ind2=" ">
    <subfield code="a">H©Æ, Nils</subfield>
    <subfield code="c">fiktiv person</subfield>
    <subfield code="3">20418</subfield>
  </datafield>
  <datafield tag="653" ind1=" " ind2=" ">
    <subfield code="a">1950-tallet</subfield>
    <subfield code="1">db</subfield>
    <subfield code="3">344</subfield>
  </datafield>
  <datafield tag="655" ind1=" " ind2=" ">
    <subfield code="a">Biografisk</subfield>
    <subfield code="3">196</subfield>
  </datafield>
  <datafield tag="691" ind1=" " ind2=" ">
    <subfield code="a">Oppvekst</subfield>
    <subfield code="x">Fortellinger</subfield>
    <subfield code="3">20458</subfield>
  </datafield>
  <datafield tag="691" ind1=" " ind2=" ">
    <subfield code="a">Oslo</subfield>
    <subfield code="x">Bislett</subfield>
    <subfield code="x">Fortellinger</subfield>
    <subfield code="3">20458</subfield>
  </datafield>
  <datafield tag="691" ind1=" " ind2=" ">
    <subfield code="a">Ungdom</subfield>
    <subfield code="x">Fortellinger</subfield>
    <subfield code="3">102</subfield>
  </datafield>
</record>