
<record>
  <leader>01254nam  2200373   4500</leader>
  <controlfield tag="001">1266941</controlfield>
  <controlfield tag="008">120430                a          1dnob 2</controlfield>
  <datafield tag="015" ind1=" " ind2=" ">
    <subfield code="a">0278631</subfield>
    <subfield code="b">BIBBI</subfield>
  </datafield>
  <datafield tag="015" ind1=" " ind2=" ">
    <subfield code="a">9239412</subfield>
    <subfield code="b">BibliofilID</subfield>
  </datafield>
  <datafield tag="019" ind1=" " ind2=" ">
    <subfield code="b">l</subfield>
    <subfield code="d">R</subfield>
  </datafield>
  <datafield tag="020" ind1=" " ind2=" ">
    <subfield code="a">978-82-02369477</subfield>
    <subfield code="b">ib.</subfield>
    <subfield code="c">Nkr 379.00</subfield>
  </datafield>
  <datafield tag="041" ind1=" " ind2=" ">
    <subfield code="h">rus</subfield>
  </datafield>
  <datafield tag="090" ind1=" " ind2=" ">
    <subfield code="d">Kot</subfield>
  </datafield>
  <datafield tag="100" ind1=" " ind2="0">
    <subfield code="a">Kotsjergin, Eduard</subfield>
    <subfield code="d">1937-</subfield>
    <subfield code="j">rus.</subfield>
    <subfield code="3">2046447900</subfield>
  </datafield>
  <datafield tag="240" ind1="1" ind2="0">
    <subfield code="a">Kresjtsjonnye krestami</subfield>
  </datafield>
  <datafield tag="245" ind1="1" ind2="0">
    <subfield code="a">Med Stalin som gudfar</subfield>
    <subfield code="b">opptegnelser p©Æ kn©Œrne</subfield>
    <subfield code="c">Eduard Kotsjergin ; oversatt av Marit Bjerken</subfield>
  </datafield>
  <datafield tag="260" ind1=" " ind2=" ">
    <subfield code="a">[Oslo]</subfield>
    <subfield code="b">Cappelen Damm</subfield>
    <subfield code="c">201</subfield>
  </datafield>
  <datafield tag="300" ind1=" " ind2=" ">
    <subfield code="a">221 s</subfield>
  </datafield>
  <datafield tag="505" ind1=" " ind2=" ">
    <subfield code="a">Har note</subfield>
  </datafield>
  <datafield tag="574" ind1=" " ind2=" ">
    <subfield code="a">Originaltittel: Kresjtsjonnye krestam</subfield>
  </datafield>
  <datafield tag="590" ind1=" " ind2=" ">
    <subfield code="a">12-uke188</subfield>
  </datafield>
  <datafield tag="599" ind1=" " ind2=" ">
    <subfield code="a">12x0430ak</subfield>
  </datafield>
  <datafield tag="600" ind1=" " ind2=" ">
    <subfield code="a">Kotsjergin, Eduard</subfield>
    <subfield code="d">1937-</subfield>
    <subfield code="j">rus.</subfield>
    <subfield code="x">Fortellinger</subfield>
    <subfield code="3">204644760</subfield>
  </datafield>
  <datafield tag="655" ind1=" " ind2=" ">
    <subfield code="a">Biografisk</subfield>
    <subfield code="3">1966130</subfield>
  </datafield>
  <datafield tag="691" ind1=" " ind2=" ">
    <subfield code="a">Oppvekst</subfield>
    <subfield code="x">Fortellinger</subfield>
    <subfield code="3">204580110</subfield>
  </datafield>
  <datafield tag="691" ind1=" " ind2=" ">
    <subfield code="a">Russland</subfield>
    <subfield code="x">Historie</subfield>
    <subfield code="x">1917-1991</subfield>
    <subfield code="x">Fortellinger</subfield>
    <subfield code="2">BS</subfield>
    <subfield code="3">204644780</subfield>
  </datafield>
  <datafield tag="699" ind1=" " ind2=" ">
    <subfield code="a">Biografisk</subfield>
    <subfield code="2">BS</subfield>
    <subfield code="9">no</subfield>
  </datafield>
  <datafield tag="699" ind1=" " ind2=" ">
    <subfield code="a">Kotsjergin, Eduard</subfield>
    <subfield code="d">1937-</subfield>
    <subfield code="j">rus.</subfield>
    <subfield code="x">Fortellinger</subfield>
    <subfield code="1">947.084</subfield>
    <subfield code="2">BS</subfield>
    <subfield code="9">no</subfield>
  </datafield>
  <datafield tag="699" ind1=" " ind2=" ">
    <subfield code="a">Oppvekst</subfield>
    <subfield code="2">BS</subfield>
    <subfield code="9">no</subfield>
  </datafield>
  <datafield tag="699" ind1=" " ind2=" ">
    <subfield code="a">Russland</subfield>
    <subfield code="x">Historie</subfield>
    <subfield code="x">1917-1991</subfield>
    <subfield code="x">Fortellinger</subfield>
    <subfield code="1">947.084</subfield>
    <subfield code="2">BS</subfield>
    <subfield code="9">no</subfield>
  </datafield>
  <datafield tag="700" ind1=" " ind2=" ">
    <subfield code="a">Bjerkeng, Marit</subfield>
    <subfield code="j">n.</subfield>
    <subfield code="e">overs.</subfield>
    <subfield code="3">1958130</subfield>
  </datafield>
  <datafield tag="850" ind1=" " ind2=" ">
    <subfield code="a">hut</subfield>
  </datafield>
  <datafield tag="850" ind1=" " ind2=" ">
    <subfield code="a">hut</subfield>
  </datafield>
  <datafield tag="850" ind1=" " ind2=" ">
    <subfield code="a">hut</subfield>
  </datafield>
</record>