
<record>
  <leader>00870nam  2200373   4500</leader>
  <controlfield tag="001">0544101</controlfield>
  <controlfield tag="008">000830                a          10nob</controlfield>
  <datafield tag="015" ind1=" " ind2=" ">
    <subfield code="a">700741</subfield>
    <subfield code="b">BibliofilID</subfield>
  </datafield>
  <datafield tag="019" ind1=" " ind2=" ">
    <subfield code="b">l</subfield>
    <subfield code="d">R</subfield>
  </datafield>
  <datafield tag="020" ind1=" " ind2=" ">
    <subfield code="a">82-10-04571-7</subfield>
  </datafield>
  <datafield tag="020" ind1=" " ind2=" ">
    <subfield code="b">ib.</subfield>
  </datafield>
  <datafield tag="020" ind1=" " ind2=" ">
    <subfield code="c">Nkr 229.00</subfield>
  </datafield>
  <datafield tag="090" ind1=" " ind2=" ">
    <subfield code="d">Kri</subfield>
  </datafield>
  <datafield tag="100" ind1=" " ind2="0">
    <subfield code="a">Kristensen, Mirjam</subfield>
    <subfield code="d">1978-</subfield>
    <subfield code="j">n.</subfield>
    <subfield code="3">26240600</subfield>
  </datafield>
  <datafield tag="245" ind1="1" ind2="0">
    <subfield code="a">Dagene er gjennomsiktige</subfield>
    <subfield code="c">Mirjam Kristensen</subfield>
  </datafield>
  <datafield tag="260" ind1=" " ind2=" ">
    <subfield code="a">Oslo</subfield>
    <subfield code="b">Tiden</subfield>
    <subfield code="c">2000</subfield>
  </datafield>
  <datafield tag="300" ind1=" " ind2=" ">
    <subfield code="a">138 s.</subfield>
  </datafield>
  <datafield tag="599" ind1=" " ind2=" ">
    <subfield code="a">00x0906s a00-16</subfield>
  </datafield>
  <datafield tag="691" ind1=" " ind2="2">
    <subfield code="a">Barn</subfield>
    <subfield code="x">Fortellinger</subfield>
    <subfield code="3">10525200</subfield>
  </datafield>
  <datafield tag="691" ind1=" " ind2="2">
    <subfield code="a">Oppvekst</subfield>
    <subfield code="x">Fortellinger</subfield>
    <subfield code="3">2045801100</subfield>
  </datafield>
  <datafield tag="691" ind1=" " ind2="2">
    <subfield code="a">Sorg</subfield>
    <subfield code="x">Fortellinger</subfield>
    <subfield code="3">12685600</subfield>
  </datafield>
  <datafield tag="850" ind1=" " ind2=" ">
    <subfield code="a">fbjo</subfield>
  </datafield>
  <datafield tag="850" ind1=" " ind2=" ">
    <subfield code="a">fgry</subfield>
  </datafield>
  <datafield tag="850" ind1=" " ind2=" ">
    <subfield code="a">fhol</subfield>
  </datafield>
  <datafield tag="850" ind1=" " ind2=" ">
    <subfield code="a">flam</subfield>
  </datafield>
  <datafield tag="850" ind1=" " ind2=" ">
    <subfield code="a">fmaj</subfield>
  </datafield>
  <datafield tag="850" ind1=" " ind2=" ">
    <subfield code="a">froa</subfield>
  </datafield>
  <datafield tag="850" ind1=" " ind2=" ">
    <subfield code="a">fsto</subfield>
  </datafield>
  <datafield tag="850" ind1=" " ind2=" ">
    <subfield code="a">ftor</subfield>
  </datafield>
  <datafield tag="850" ind1=" " ind2=" ">
    <subfield code="a">hutl</subfield>
  </datafield>
  <datafield tag="850" ind1=" " ind2=" ">
    <subfield code="a">hutl</subfield>
  </datafield>
  <datafield tag="850" ind1=" " ind2=" ">
    <subfield code="a">hutl</subfield>
  </datafield>
  <datafield tag="850" ind1=" " ind2=" ">
    <subfield code="a">hutl</subfield>
  </datafield>
  <datafield tag="850" ind1=" " ind2=" ">
    <subfield code="a">hutl</subfield>
  </datafield>
</record>