
<record>
  <leader>01003nam  2200313   4500</leader>
  <controlfield tag="001">1257263</controlfield>
  <controlfield tag="008">120413                a          10nob 2</controlfield>
  <datafield tag="015" ind1=" " ind2=" ">
    <subfield code="a">0281922</subfield>
    <subfield code="b">BIBBI</subfield>
  </datafield>
  <datafield tag="015" ind1=" " ind2=" ">
    <subfield code="a">9110825</subfield>
    <subfield code="b">BibliofilID</subfield>
  </datafield>
  <datafield tag="019" ind1=" " ind2=" ">
    <subfield code="b">l</subfield>
    <subfield code="d">R</subfield>
  </datafield>
  <datafield tag="020" ind1=" " ind2=" ">
    <subfield code="a">978-82-7488-272-0</subfield>
    <subfield code="b">ib.</subfield>
    <subfield code="c">Nkr 349.00</subfield>
  </datafield>
  <datafield tag="041" ind1=" " ind2=" ">
    <subfield code="h">fre</subfield>
  </datafield>
  <datafield tag="090" ind1=" " ind2=" ">
    <subfield code="d">Mab</subfield>
  </datafield>
  <datafield tag="100" ind1=" " ind2="0">
    <subfield code="a">Mabanckou, Alain</subfield>
    <subfield code="d">1966-</subfield>
    <subfield code="j">kongol.-fr.</subfield>
    <subfield code="3">2039264800</subfield>
  </datafield>
  <datafield tag="240" ind1="1" ind2="0">
    <subfield code="a">Demain j'aurai vingt ans</subfield>
  </datafield>
  <datafield tag="245" ind1="1" ind2="0">
    <subfield code="a">I morgen blir jeg tjue</subfield>
    <subfield code="b">roman</subfield>
    <subfield code="c">Alain Mabanckou ; oversatt av Synneve Sundby</subfield>
  </datafield>
  <datafield tag="260" ind1=" " ind2=" ">
    <subfield code="a">[Oslo]</subfield>
    <subfield code="b">Bokvennen</subfield>
    <subfield code="c">2012</subfield>
  </datafield>
  <datafield tag="300" ind1=" " ind2=" ">
    <subfield code="a">323 s.</subfield>
  </datafield>
  <datafield tag="574" ind1=" " ind2=" ">
    <subfield code="a">Originaltittel: Demain j'aurai vingt ans</subfield>
  </datafield>
  <datafield tag="590" ind1=" " ind2=" ">
    <subfield code="a">12-uke15a</subfield>
  </datafield>
  <datafield tag="599" ind1=" " ind2=" ">
    <subfield code="a">12x0413aks 12xkr</subfield>
  </datafield>
  <datafield tag="691" ind1=" " ind2="2">
    <subfield code="a">Kongo</subfield>
    <subfield code="q">Den demokratiske republikken Kongo</subfield>
    <subfield code="x">Fortellinger</subfield>
    <subfield code="3">35534700</subfield>
  </datafield>
  <datafield tag="691" ind1=" " ind2="2">
    <subfield code="a">Oppvekst</subfield>
    <subfield code="x">Fortellinger</subfield>
    <subfield code="3">2045801100</subfield>
  </datafield>
  <datafield tag="699" ind1=" " ind2="2">
    <subfield code="a">Kongo-Brazzaville</subfield>
    <subfield code="q">republikk</subfield>
    <subfield code="x">Fortellinger</subfield>
    <subfield code="1">967.24</subfield>
    <subfield code="2">BS</subfield>
    <subfield code="9">nob</subfield>
  </datafield>
  <datafield tag="700" ind1=" " ind2="0">
    <subfield code="a">Sundby, Synneve</subfield>
    <subfield code="j">n.</subfield>
    <subfield code="e">overs.</subfield>
    <subfield code="3">35205700</subfield>
  </datafield>
  <datafield tag="850" ind1=" " ind2=" ">
    <subfield code="a">fbje</subfield>
  </datafield>
  <datafield tag="850" ind1=" " ind2=" ">
    <subfield code="a">fmaj</subfield>
  </datafield>
  <datafield tag="850" ind1=" " ind2=" ">
    <subfield code="a">hutl</subfield>
  </datafield>
  <datafield tag="850" ind1=" " ind2=" ">
    <subfield code="a">hutl</subfield>
  </datafield>
</record>