
<record>
  <leader>00893nam  2200241   4500</leader>
  <controlfield tag="001">1223077</controlfield>
  <controlfield tag="008">40916                 a          10fre</controlfield>
  <datafield tag="015" ind1=" " ind2=" ">
    <subfield code="a">7288590</subfield>
    <subfield code="b">BibliofilID</subfield>
  </datafield>
  <datafield tag="015" ind1=" " ind2=" ">
    <subfield code="b">DFB</subfield>
  </datafield>
  <datafield tag="019" ind1=" " ind2=" ">
    <subfield code="d">R</subfield>
    <subfield code="b">l</subfield>
  </datafield>
  <datafield tag="020" ind1=" " ind2=" ">
    <subfield code="a">978-2-35485-260-3</subfield>
  </datafield>
  <datafield tag="082" ind1="3" ind2=" ">
    <subfield code="z">h</subfield>
  </datafield>
  <datafield tag="090" ind1=" " ind2=" ">
    <subfield code="c">FRE</subfield>
    <subfield code="d">Mer</subfield>
  </datafield>
  <datafield tag="099" ind1=" " ind2=" ">
    <subfield code="a">xfrev120206</subfield>
  </datafield>
  <datafield tag="100" ind1="1" ind2="0">
    <subfield code="a">Merey-Apinda, Edna</subfield>
    <subfield code="d">1976-</subfield>
    <subfield code="j">gabon.</subfield>
    <subfield code="3">2046130800</subfield>
  </datafield>
  <datafield tag="245" ind1="1" ind2="0">
    <subfield code="a">Ce reflet dans le miroir</subfield>
    <subfield code="c">Edna Merey-Apinda</subfield>
  </datafield>
  <datafield tag="260" ind1=" " ind2=" ">
    <subfield code="a">Saint-Maur-des-Foss©♭s</subfield>
    <subfield code="b">Jets d'Encre</subfield>
    <subfield code="c">2011</subfield>
  </datafield>
  <datafield tag="300" ind1=" " ind2=" ">
    <subfield code="a">192 s.</subfield>
  </datafield>
  <datafield tag="500" ind1=" " ind2=" ">
    <subfield code="a">Tittelen betyr: Denne refleksjonen i speilet</subfield>
  </datafield>
  <datafield tag="505" ind1=" " ind2=" ">
    <subfield code="a">Vi f©ılger en vennegjeng fra barndommen til begynnelsen av voksenlivet, med alle utfordringer de m©ıter p©Æ veien. Foreldrene er ikke alltid de forbildene de burde v©Œre, dr©ımmejobben er vanskelig ©Æ finne, ©Æ forelske seg er b©Æde herlig og skummelt p©</subfield>
  </datafield>
  <datafield tag="691" ind1=" " ind2=" ">
    <subfield code="a">Oppvekst</subfield>
    <subfield code="x">Fortellinger</subfield>
    <subfield code="3"></subfield>
  </datafield>
  <datafield tag="850" ind1=" " ind2=" ">
    <subfield code="a">d</subfield>
  </datafield>
  <datafield tag="850" ind1=" " ind2=" ">
    <subfield code="a">d</subfield>
  </datafield>
</record>