
<record>
  <leader>00870nam  2200373   4500</leader>
  <controlfield tag="001">0191132</controlfield>
  <controlfield tag="008">900306                a          10nob 2</controlfield>
  <datafield tag="015" ind1=" " ind2=" ">
    <subfield code="a">74088</subfield>
    <subfield code="b">BibliofilID</subfield>
  </datafield>
  <datafield tag="019" ind1=" " ind2=" ">
    <subfield code="b">l</subfield>
    <subfield code="d">R</subfield>
  </datafield>
  <datafield tag="020" ind1=" " ind2=" ">
    <subfield code="a">82-7094-508-0</subfield>
    <subfield code="b">ib.</subfield>
    <subfield code="c">Nkr 178.00</subfield>
  </datafield>
  <datafield tag="090" ind1=" " ind2=" ">
    <subfield code="b">Pet</subfield>
  </datafield>
  <datafield tag="100" ind1=" " ind2="0">
    <subfield code="a">Petterson, Per</subfield>
    <subfield code="d">1952-</subfield>
    <subfield code="j">n.</subfield>
    <subfield code="3">13927500</subfield>
  </datafield>
  <datafield tag="245" ind1="1" ind2="0">
    <subfield code="a">Ekkoland</subfield>
    <subfield code="b">roman</subfield>
    <subfield code="c">Per Petterson</subfield>
  </datafield>
  <datafield tag="260" ind1=" " ind2=" ">
    <subfield code="a">Oslo</subfield>
    <subfield code="b">Oktober</subfield>
    <subfield code="c">1989</subfield>
  </datafield>
  <datafield tag="300" ind1=" " ind2=" ">
    <subfield code="a">139 s.</subfield>
  </datafield>
  <datafield tag="599" ind1=" " ind2=" ">
    <subfield code="a">08x</subfield>
  </datafield>
  <datafield tag="600" ind1=" " ind2="2">
    <subfield code="a">Jansen, Arvid</subfield>
    <subfield code="c">fiktiv person</subfield>
    <subfield code="3">2041871700</subfield>
  </datafield>
  <datafield tag="691" ind1=" " ind2="2">
    <subfield code="a">Oppvekst</subfield>
    <subfield code="x">Fortellinger</subfield>
    <subfield code="3">2045801100</subfield>
  </datafield>
  <datafield tag="691" ind1=" " ind2="2">
    <subfield code="a">Ungdom</subfield>
    <subfield code="x">Fortellinger</subfield>
    <subfield code="3">10237900</subfield>
  </datafield>
  <datafield tag="850" ind1=" " ind2=" ">
    <subfield code="a">fbje</subfield>
  </datafield>
  <datafield tag="850" ind1=" " ind2=" ">
    <subfield code="a">fbol</subfield>
  </datafield>
  <datafield tag="850" ind1=" " ind2=" ">
    <subfield code="a">fgry</subfield>
  </datafield>
  <datafield tag="850" ind1=" " ind2=" ">
    <subfield code="a">fhol</subfield>
  </datafield>
  <datafield tag="850" ind1=" " ind2=" ">
    <subfield code="a">flam</subfield>
  </datafield>
  <datafield tag="850" ind1=" " ind2=" ">
    <subfield code="a">froa</subfield>
  </datafield>
  <datafield tag="850" ind1=" " ind2=" ">
    <subfield code="a">fsto</subfield>
  </datafield>
  <datafield tag="850" ind1=" " ind2=" ">
    <subfield code="a">ftor</subfield>
  </datafield>
  <datafield tag="850" ind1=" " ind2=" ">
    <subfield code="a">hutl</subfield>
  </datafield>
  <datafield tag="850" ind1=" " ind2=" ">
    <subfield code="a">hutl</subfield>
  </datafield>
  <datafield tag="850" ind1=" " ind2=" ">
    <subfield code="a">hutl</subfield>
  </datafield>
  <datafield tag="850" ind1=" " ind2=" ">
    <subfield code="a">hutl</subfield>
  </datafield>
  <datafield tag="850" ind1=" " ind2=" ">
    <subfield code="a">hutl</subfield>
  </datafield>
  <datafield tag="850" ind1=" " ind2=" ">
    <subfield code="a">hutl</subfield>
  </datafield>
  <datafield tag="850" ind1=" " ind2=" ">
    <subfield code="a">hutl</subfield>
  </datafield>
</record>