
<record>
  <leader>01130nam  2200289   4500</leader>
  <controlfield tag="001">1248105</controlfield>
  <controlfield tag="008">120302                a          10mac</controlfield>
  <datafield tag="015" ind1=" " ind2=" ">
    <subfield code="a">7658354</subfield>
    <subfield code="b">BibliofilID</subfield>
  </datafield>
  <datafield tag="015" ind1=" " ind2=" ">
    <subfield code="b">DFB</subfield>
  </datafield>
  <datafield tag="019" ind1=" " ind2=" ">
    <subfield code="d">R</subfield>
    <subfield code="b">l</subfield>
  </datafield>
  <datafield tag="020" ind1=" " ind2=" ">
    <subfield code="a">9786082240060</subfield>
  </datafield>
  <datafield tag="082" ind1="3" ind2=" ">
    <subfield code="z">h</subfield>
  </datafield>
  <datafield tag="090" ind1=" " ind2=" ">
    <subfield code="c">MAC</subfield>
    <subfield code="d">Pet</subfield>
  </datafield>
  <datafield tag="092" ind1=" " ind2=" ">
    <subfield code="a">START</subfield>
    <subfield code="3">2040672800</subfield>
  </datafield>
  <datafield tag="099" ind1=" " ind2=" ">
    <subfield code="a">xstart120208</subfield>
  </datafield>
  <datafield tag="100" ind1="1" ind2="0">
    <subfield code="a">Petterson, Per</subfield>
    <subfield code="d">1952-</subfield>
    <subfield code="j">n.</subfield>
    <subfield code="3">13927500</subfield>
  </datafield>
  <datafield tag="240" ind1="1" ind2="0">
    <subfield code="a">Ut og stj©Œle hester</subfield>
  </datafield>
  <datafield tag="245" ind1=" " ind2=" ">
    <subfield code="a">Odime da kme k</subfield>
    <subfield code="b">roman</subfield>
    <subfield code="c">Per Petterson ; [overs. til makedonsk av] Sami K</subfield>
  </datafield>
  <datafield tag="245" ind1=" " ind2=" ">
    <subfield code="a"></subfield>
    <subfield code="b"></subfield>
    <subfield code="c">    </subfield>
    <subfield code="9">mac</subfield>
  </datafield>
  <datafield tag="260" ind1=" " ind2=" ">
    <subfield code="a">Skopje</subfield>
    <subfield code="b">Shkupi</subfield>
    <subfield code="c">2010</subfield>
  </datafield>
  <datafield tag="300" ind1=" " ind2=" ">
    <subfield code="a">224 s.</subfield>
  </datafield>
  <datafield tag="503" ind1=" " ind2=" ">
    <subfield code="a">1. norske utg. 2003</subfield>
  </datafield>
  <datafield tag="520" ind1=" " ind2=" ">
    <subfield code="a">Dokumentet inng©Ær i START-samlingen, en integrasjons- og introduksjonssamling. - 67 ©Ær gamle Trond har mistet sin kone og flytter tilbake til et sted som han har minner fra barndommen. Det dukker opp minner om et fatalt uhell, et svik, en ukjent historie som har fulgt Tronds liv. Forholdet til faren er sentra</subfield>
  </datafield>
  <datafield tag="574" ind1=" " ind2=" ">
    <subfield code="a">Originaltittel: Ut og stj©Œle hes</subfield>
  </datafield>
  <datafield tag="690" ind1=" " ind2=" ">
    <subfield code="a">Norvegica</subfield>
    <subfield code="3">2040669</subfield>
  </datafield>
  <datafield tag="691" ind1=" " ind2=" ">
    <subfield code="a">Fedre og s©ınner</subfield>
    <subfield code="x">Fortellinger</subfield>
    <subfield code="3">204059</subfield>
  </datafield>
  <datafield tag="691" ind1=" " ind2=" ">
    <subfield code="a">Oppvekst</subfield>
    <subfield code="x">Fortellinger</subfield>
    <subfield code="3">204580</subfield>
  </datafield>
</record>