
<record>
  <leader>00640nam  2200241   4500</leader>
  <controlfield tag="001">0768456</controlfield>
  <controlfield tag="008">070927                a          10nob 2</controlfield>
  <datafield tag="015" ind1=" " ind2=" ">
    <subfield code="a">0146982</subfield>
    <subfield code="b">BIBBI</subfield>
  </datafield>
  <datafield tag="015" ind1=" " ind2=" ">
    <subfield code="a">950388</subfield>
    <subfield code="b">BibliofilID</subfield>
  </datafield>
  <datafield tag="019" ind1=" " ind2=" ">
    <subfield code="b">l</subfield>
    <subfield code="d">R</subfield>
  </datafield>
  <datafield tag="020" ind1=" " ind2=" ">
    <subfield code="a">82-495-0259-0</subfield>
    <subfield code="b">ib.</subfield>
  </datafield>
  <datafield tag="090" ind1=" " ind2=" ">
    <subfield code="d">Pet</subfield>
  </datafield>
  <datafield tag="100" ind1=" " ind2="0">
    <subfield code="a">Petterson, Per</subfield>
    <subfield code="d">1952-</subfield>
    <subfield code="j">n.</subfield>
    <subfield code="3">13927500</subfield>
  </datafield>
  <datafield tag="245" ind1="1" ind2="0">
    <subfield code="a">Ut og stj©Œle hester</subfield>
    <subfield code="b">roman</subfield>
    <subfield code="c">Per Petterson</subfield>
  </datafield>
  <datafield tag="260" ind1=" " ind2=" ">
    <subfield code="a">Oslo</subfield>
    <subfield code="b">Oktober</subfield>
    <subfield code="c">2005</subfield>
  </datafield>
  <datafield tag="300" ind1=" " ind2=" ">
    <subfield code="a">246 s.</subfield>
  </datafield>
  <datafield tag="503" ind1=" " ind2=" ">
    <subfield code="a">1. utg.: 2003</subfield>
  </datafield>
  <datafield tag="599" ind1=" " ind2=" ">
    <subfield code="a">07x0927sn f07</subfield>
  </datafield>
  <datafield tag="691" ind1=" " ind2=" ">
    <subfield code="a">Fedre og s©ınner</subfield>
    <subfield code="x">Fortellinger</subfield>
    <subfield code="3">204059440</subfield>
  </datafield>
  <datafield tag="691" ind1=" " ind2=" ">
    <subfield code="a">Oppvekst</subfield>
    <subfield code="x">Fortellinger</subfield>
    <subfield code="3">204580110</subfield>
  </datafield>
  <datafield tag="850" ind1=" " ind2=" ">
    <subfield code="a">ffu</subfield>
  </datafield>
  <datafield tag="850" ind1=" " ind2=" ">
    <subfield code="a">fop</subfield>
  </datafield>
  <datafield tag="850" ind1=" " ind2=" ">
    <subfield code="a">fto</subfield>
  </datafield>
</record>