
<record>
  <leader>01046nam  2200457   4500</leader>
  <controlfield tag="001">0546471</controlfield>
  <controlfield tag="008">001020                a          10nob 2</controlfield>
  <datafield tag="015" ind1=" " ind2=" ">
    <subfield code="a">0116577</subfield>
    <subfield code="b">BIBBI</subfield>
  </datafield>
  <datafield tag="015" ind1=" " ind2=" ">
    <subfield code="a">706221</subfield>
    <subfield code="b">BibliofilID</subfield>
  </datafield>
  <datafield tag="019" ind1=" " ind2=" ">
    <subfield code="b">l</subfield>
    <subfield code="d">R</subfield>
  </datafield>
  <datafield tag="020" ind1=" " ind2=" ">
    <subfield code="a">82-10-04498-2</subfield>
  </datafield>
  <datafield tag="020" ind1=" " ind2=" ">
    <subfield code="b">ib.</subfield>
  </datafield>
  <datafield tag="020" ind1=" " ind2=" ">
    <subfield code="c">Nkr 299.00</subfield>
  </datafield>
  <datafield tag="082" ind1="3" ind2=" ">
    <subfield code="a">612.66</subfield>
  </datafield>
  <datafield tag="090" ind1=" " ind2=" ">
    <subfield code="d">Ram</subfield>
  </datafield>
  <datafield tag="100" ind1=" " ind2="0">
    <subfield code="a">Ramslie, Lars</subfield>
    <subfield code="d">1974-</subfield>
    <subfield code="j">n.</subfield>
    <subfield code="3">18513700</subfield>
  </datafield>
  <datafield tag="245" ind1="1" ind2="0">
    <subfield code="a">Destroyer</subfield>
    <subfield code="b">roman</subfield>
    <subfield code="c">Lars Ramslie</subfield>
  </datafield>
  <datafield tag="260" ind1=" " ind2=" ">
    <subfield code="a">Oslo</subfield>
    <subfield code="b">Tiden</subfield>
    <subfield code="c">2000</subfield>
  </datafield>
  <datafield tag="300" ind1=" " ind2=" ">
    <subfield code="a">302 s.</subfield>
  </datafield>
  <datafield tag="599" ind1=" " ind2=" ">
    <subfield code="a">00x1020bg</subfield>
  </datafield>
  <datafield tag="599" ind1=" " ind2=" ">
    <subfield code="a">00x1020bg a00-19</subfield>
  </datafield>
  <datafield tag="653" ind1=" " ind2="2">
    <subfield code="a">1980-tallet</subfield>
    <subfield code="1">db</subfield>
    <subfield code="3">34222700</subfield>
  </datafield>
  <datafield tag="691" ind1=" " ind2="2">
    <subfield code="a">Barn</subfield>
    <subfield code="x">Fortellinger</subfield>
    <subfield code="3">10525200</subfield>
  </datafield>
  <datafield tag="691" ind1=" " ind2="2">
    <subfield code="a">Oppvekst</subfield>
    <subfield code="x">Fortellinger</subfield>
    <subfield code="3">2045801100</subfield>
  </datafield>
  <datafield tag="699" ind1=" " ind2="2">
    <subfield code="a">Pubertet</subfield>
    <subfield code="x">Fortellinger</subfield>
    <subfield code="1">612.66</subfield>
    <subfield code="2">BS</subfield>
  </datafield>
  <datafield tag="850" ind1=" " ind2=" ">
    <subfield code="a">fbol</subfield>
  </datafield>
  <datafield tag="850" ind1=" " ind2=" ">
    <subfield code="a">ffur</subfield>
  </datafield>
  <datafield tag="850" ind1=" " ind2=" ">
    <subfield code="a">fgry</subfield>
  </datafield>
  <datafield tag="850" ind1=" " ind2=" ">
    <subfield code="a">flam</subfield>
  </datafield>
  <datafield tag="850" ind1=" " ind2=" ">
    <subfield code="a">fmaj</subfield>
  </datafield>
  <datafield tag="850" ind1=" " ind2=" ">
    <subfield code="a">fnor</subfield>
  </datafield>
  <datafield tag="850" ind1=" " ind2=" ">
    <subfield code="a">froa</subfield>
  </datafield>
  <datafield tag="850" ind1=" " ind2=" ">
    <subfield code="a">from</subfield>
  </datafield>
  <datafield tag="850" ind1=" " ind2=" ">
    <subfield code="a">fsto</subfield>
  </datafield>
  <datafield tag="850" ind1=" " ind2=" ">
    <subfield code="a">hutl</subfield>
  </datafield>
  <datafield tag="850" ind1=" " ind2=" ">
    <subfield code="a">hutl</subfield>
  </datafield>
  <datafield tag="850" ind1=" " ind2=" ">
    <subfield code="a">hutl</subfield>
  </datafield>
  <datafield tag="850" ind1=" " ind2=" ">
    <subfield code="a">hutl</subfield>
  </datafield>
  <datafield tag="850" ind1=" " ind2=" ">
    <subfield code="a">hutl</subfield>
  </datafield>
  <datafield tag="850" ind1=" " ind2=" ">
    <subfield code="a">hutl</subfield>
  </datafield>
  <datafield tag="850" ind1=" " ind2=" ">
    <subfield code="a">hutl</subfield>
  </datafield>
</record>