
<record>
  <leader>01223nam  2200409   4500</leader>
  <controlfield tag="001">1247483</controlfield>
  <controlfield tag="008">120315                a          1dnob 2</controlfield>
  <datafield tag="015" ind1=" " ind2=" ">
    <subfield code="a">0280322</subfield>
    <subfield code="b">BIBBI</subfield>
  </datafield>
  <datafield tag="015" ind1=" " ind2=" ">
    <subfield code="a">8391221</subfield>
    <subfield code="b">BibliofilID</subfield>
  </datafield>
  <datafield tag="019" ind1=" " ind2=" ">
    <subfield code="b">l</subfield>
    <subfield code="d">R</subfield>
    <subfield code="e">td</subfield>
  </datafield>
  <datafield tag="020" ind1=" " ind2=" ">
    <subfield code="a">978-82-92622-86-5</subfield>
    <subfield code="b">ib.</subfield>
    <subfield code="c">Nkr 329.00</subfield>
  </datafield>
  <datafield tag="090" ind1=" " ind2=" ">
    <subfield code="d">Ras</subfield>
  </datafield>
  <datafield tag="100" ind1=" " ind2="0">
    <subfield code="a">Rasmussen, Sara Azmeh</subfield>
    <subfield code="d">1973-</subfield>
    <subfield code="j">syr.-n.</subfield>
    <subfield code="3">2046298500</subfield>
  </datafield>
  <datafield tag="245" ind1="1" ind2="0">
    <subfield code="a">Skyggeferden</subfield>
    <subfield code="c">Sara Azmeh Rasmussen</subfield>
  </datafield>
  <datafield tag="260" ind1=" " ind2=" ">
    <subfield code="a">Oslo</subfield>
    <subfield code="b">Humanist</subfield>
    <subfield code="c">2012</subfield>
  </datafield>
  <datafield tag="300" ind1=" " ind2=" ">
    <subfield code="a">428 s.</subfield>
  </datafield>
  <datafield tag="590" ind1=" " ind2=" ">
    <subfield code="a">12-uke11a</subfield>
  </datafield>
  <datafield tag="599" ind1=" " ind2=" ">
    <subfield code="a">12x0315gb 12xkr</subfield>
  </datafield>
  <datafield tag="600" ind1=" " ind2="2">
    <subfield code="a">Rasmussen, Sara Azmeh</subfield>
    <subfield code="d">1973-</subfield>
    <subfield code="j">syr.-n.</subfield>
    <subfield code="x">Fortellinger</subfield>
    <subfield code="3">2046299400</subfield>
  </datafield>
  <datafield tag="655" ind1=" " ind2="2">
    <subfield code="a">Biografisk</subfield>
    <subfield code="3">19661300</subfield>
  </datafield>
  <datafield tag="691" ind1=" " ind2="2">
    <subfield code="a">Innvandrerkvinner</subfield>
    <subfield code="x">Norge</subfield>
    <subfield code="x">Fortellinger</subfield>
    <subfield code="3">2044561300</subfield>
  </datafield>
  <datafield tag="691" ind1=" " ind2="2">
    <subfield code="a">Oppvekst</subfield>
    <subfield code="x">Fortellinger</subfield>
    <subfield code="3">2045801100</subfield>
  </datafield>
  <datafield tag="691" ind1=" " ind2="2">
    <subfield code="a">Syria</subfield>
    <subfield code="x">Damaskus</subfield>
    <subfield code="x">Fortellinger</subfield>
    <subfield code="3">2046299300</subfield>
  </datafield>
  <datafield tag="699" ind1=" " ind2="2">
    <subfield code="a">Innvandrere</subfield>
    <subfield code="z">Norge</subfield>
    <subfield code="x">Fortellinger</subfield>
    <subfield code="1">305.906</subfield>
    <subfield code="2">BS</subfield>
  </datafield>
  <datafield tag="699" ind1=" " ind2="2">
    <subfield code="a">Rasmussen, Sara Azmeh</subfield>
    <subfield code="d">1973-</subfield>
    <subfield code="j">syr.-n.</subfield>
    <subfield code="x">Fortellinger</subfield>
    <subfield code="1">305.906</subfield>
    <subfield code="2">BS</subfield>
  </datafield>
  <datafield tag="699" ind1=" " ind2="2">
    <subfield code="a">Syria</subfield>
    <subfield code="z">Damaskus</subfield>
    <subfield code="x">Fortellinger</subfield>
    <subfield code="1">956.91</subfield>
    <subfield code="2">BS</subfield>
  </datafield>
  <datafield tag="850" ind1=" " ind2=" ">
    <subfield code="a">fbje</subfield>
  </datafield>
  <datafield tag="850" ind1=" " ind2=" ">
    <subfield code="a">fbjo</subfield>
  </datafield>
  <datafield tag="850" ind1=" " ind2=" ">
    <subfield code="a">fhol</subfield>
  </datafield>
  <datafield tag="850" ind1=" " ind2=" ">
    <subfield code="a">fhol</subfield>
  </datafield>
  <datafield tag="850" ind1=" " ind2=" ">
    <subfield code="a">flam</subfield>
  </datafield>
  <datafield tag="850" ind1=" " ind2=" ">
    <subfield code="a">fmaj</subfield>
  </datafield>
  <datafield tag="850" ind1=" " ind2=" ">
    <subfield code="a">fopp</subfield>
  </datafield>
  <datafield tag="850" ind1=" " ind2=" ">
    <subfield code="a">fsto</subfield>
  </datafield>
  <datafield tag="850" ind1=" " ind2=" ">
    <subfield code="a">ftor</subfield>
  </datafield>
  <datafield tag="850" ind1=" " ind2=" ">
    <subfield code="a">hutl</subfield>
  </datafield>
  <datafield tag="850" ind1=" " ind2=" ">
    <subfield code="a">hutl</subfield>
  </datafield>
</record>