
<record>
  <leader>00861nam  2200265   4500</leader>
  <controlfield tag="001">1256089</controlfield>
  <controlfield tag="008">120424                a          1dger 2</controlfield>
  <datafield tag="015" ind1=" " ind2=" ">
    <subfield code="a">0282497</subfield>
    <subfield code="b">BIBBI</subfield>
  </datafield>
  <datafield tag="015" ind1=" " ind2=" ">
    <subfield code="a">9253187</subfield>
    <subfield code="b">BibliofilID</subfield>
  </datafield>
  <datafield tag="019" ind1=" " ind2=" ">
    <subfield code="b">l</subfield>
    <subfield code="d">R</subfield>
  </datafield>
  <datafield tag="020" ind1=" " ind2=" ">
    <subfield code="a">978-3-446-23771-1</subfield>
    <subfield code="b">ib.</subfield>
    <subfield code="c">Nkr 200.00</subfield>
  </datafield>
  <datafield tag="090" ind1=" " ind2=" ">
    <subfield code="c">GER</subfield>
    <subfield code="d">Sch</subfield>
  </datafield>
  <datafield tag="100" ind1=" " ind2="0">
    <subfield code="a">Schami, Rafik</subfield>
    <subfield code="d">1946-</subfield>
    <subfield code="j">syr.-t.</subfield>
    <subfield code="3">17461100</subfield>
  </datafield>
  <datafield tag="245" ind1="1" ind2="0">
    <subfield code="a">Die Frau, die ihren Mann auf dem Flohmarkt verkaufte</subfield>
    <subfield code="b">oder wie ich zum Erz©Þhler wurde</subfield>
    <subfield code="c">Rafik Schami</subfield>
  </datafield>
  <datafield tag="260" ind1=" " ind2=" ">
    <subfield code="a">M©ơnchen</subfield>
    <subfield code="b">Hanser</subfield>
    <subfield code="c">201</subfield>
  </datafield>
  <datafield tag="300" ind1=" " ind2=" ">
    <subfield code="a">168 s</subfield>
  </datafield>
  <datafield tag="590" ind1=" " ind2=" ">
    <subfield code="a">12-uke17</subfield>
  </datafield>
  <datafield tag="599" ind1=" " ind2=" ">
    <subfield code="a">12x0424g</subfield>
  </datafield>
  <datafield tag="600" ind1=" " ind2=" ">
    <subfield code="a">Schami, Rafik</subfield>
    <subfield code="d">1946-</subfield>
    <subfield code="j">syr.-t.</subfield>
    <subfield code="x">Fortellinger</subfield>
    <subfield code="3">204642740</subfield>
  </datafield>
  <datafield tag="655" ind1=" " ind2=" ">
    <subfield code="a">Biografisk</subfield>
    <subfield code="3">1966130</subfield>
  </datafield>
  <datafield tag="691" ind1=" " ind2=" ">
    <subfield code="a">Oppvekst</subfield>
    <subfield code="x">Fortellinger</subfield>
    <subfield code="3">204580110</subfield>
  </datafield>
  <datafield tag="699" ind1=" " ind2=" ">
    <subfield code="a">Biografisk</subfield>
    <subfield code="2">B</subfield>
  </datafield>
  <datafield tag="699" ind1=" " ind2=" ">
    <subfield code="a">Oppvekst</subfield>
    <subfield code="2">B</subfield>
  </datafield>
  <datafield tag="699" ind1=" " ind2=" ">
    <subfield code="a">Schami, Rafik</subfield>
    <subfield code="c">forfatter</subfield>
    <subfield code="d">1946-</subfield>
    <subfield code="j">syr.-t.</subfield>
    <subfield code="x">Fortellinger</subfield>
    <subfield code="1">833</subfield>
    <subfield code="2">B</subfield>
  </datafield>
  <datafield tag="850" ind1=" " ind2=" ">
    <subfield code="a">hut</subfield>
  </datafield>
</record>