
<record>
  <leader>00585nam  2200205   4500</leader>
  <controlfield tag="001">1251409</controlfield>
  <controlfield tag="008">120312                a          10srp</controlfield>
  <datafield tag="015" ind1=" " ind2=" ">
    <subfield code="a">8392635</subfield>
    <subfield code="b">BibliofilID</subfield>
  </datafield>
  <datafield tag="015" ind1=" " ind2=" ">
    <subfield code="b">DFB</subfield>
  </datafield>
  <datafield tag="019" ind1=" " ind2=" ">
    <subfield code="d">R</subfield>
    <subfield code="b">l</subfield>
  </datafield>
  <datafield tag="020" ind1=" " ind2=" ">
    <subfield code="a">9788679580436</subfield>
  </datafield>
  <datafield tag="082" ind1="3" ind2=" ">
    <subfield code="z">h</subfield>
  </datafield>
  <datafield tag="090" ind1=" " ind2=" ">
    <subfield code="c">SRP</subfield>
    <subfield code="d">Val</subfield>
  </datafield>
  <datafield tag="099" ind1=" " ind2=" ">
    <subfield code="a">xbosv120309</subfield>
  </datafield>
  <datafield tag="100" ind1="1" ind2="0">
    <subfield code="a">Valjarevi℗þc, Srdjan</subfield>
    <subfield code="d">1967-</subfield>
    <subfield code="j">serb.</subfield>
    <subfield code="3">33017500</subfield>
  </datafield>
  <datafield tag="245" ind1=" " ind2=" ">
    <subfield code="a">List</subfield>
    <subfield code="b">na korici hleba</subfield>
    <subfield code="c">Srdan Valjarevi℗þ</subfield>
  </datafield>
  <datafield tag="260" ind1=" " ind2=" ">
    <subfield code="a">Beograd</subfield>
    <subfield code="b">LOM</subfield>
    <subfield code="c">201</subfield>
  </datafield>
  <datafield tag="300" ind1=" " ind2=" ">
    <subfield code="a">119 s</subfield>
  </datafield>
  <datafield tag="520" ind1=" " ind2=" ">
    <subfield code="a">Oppvekstroman og et kaleidoskopisk syn p©Æ verden sett fra et barns ©ı</subfield>
  </datafield>
  <datafield tag="691" ind1=" " ind2=" ">
    <subfield code="a">Oppvekst</subfield>
    <subfield code="x">Fortellinger</subfield>
    <subfield code="3">2045801</subfield>
  </datafield>
</record>