
<record>
  <leader>01550nam  2200565   4500</leader>
  <controlfield tag="001">1104901</controlfield>
  <controlfield tag="008">110314                a          0dnob 2</controlfield>
  <datafield tag="015" ind1=" " ind2=" ">
    <subfield code="a">0265419</subfield>
    <subfield code="b">BIBBI</subfield>
  </datafield>
  <datafield tag="015" ind1=" " ind2=" ">
    <subfield code="a">1937418</subfield>
    <subfield code="b">BibliofilID</subfield>
  </datafield>
  <datafield tag="019" ind1=" " ind2=" ">
    <subfield code="b">l</subfield>
    <subfield code="d">R</subfield>
  </datafield>
  <datafield tag="020" ind1=" " ind2=" ">
    <subfield code="a">978-82-7900-453-0</subfield>
    <subfield code="b">ib.</subfield>
    <subfield code="c">Nkr 299.00</subfield>
  </datafield>
  <datafield tag="041" ind1=" " ind2=" ">
    <subfield code="h">eng</subfield>
  </datafield>
  <datafield tag="082" ind1="3" ind2=" ">
    <subfield code="z">h</subfield>
  </datafield>
  <datafield tag="090" ind1=" " ind2=" ">
    <subfield code="d">Wal</subfield>
  </datafield>
  <datafield tag="100" ind1=" " ind2="0">
    <subfield code="a">Walls, Jeannette</subfield>
    <subfield code="d">1960-</subfield>
    <subfield code="j">am.</subfield>
    <subfield code="3">2043544700</subfield>
  </datafield>
  <datafield tag="240" ind1="1" ind2="0">
    <subfield code="a">The glass castle</subfield>
  </datafield>
  <datafield tag="245" ind1="1" ind2="0">
    <subfield code="a">Krystallslottet</subfield>
    <subfield code="b">en selvbiografisk roman</subfield>
    <subfield code="c">Jeannette Walls ; oversatt av Nina Aspen</subfield>
  </datafield>
  <datafield tag="260" ind1=" " ind2=" ">
    <subfield code="a">Oslo</subfield>
    <subfield code="b">Pantagruel</subfield>
    <subfield code="c">[2011]</subfield>
  </datafield>
  <datafield tag="300" ind1=" " ind2=" ">
    <subfield code="a">303 s.</subfield>
  </datafield>
  <datafield tag="574" ind1=" " ind2=" ">
    <subfield code="a">Originaltittel: The glass castle</subfield>
  </datafield>
  <datafield tag="590" ind1=" " ind2=" ">
    <subfield code="a">11-uke11a</subfield>
  </datafield>
  <datafield tag="599" ind1=" " ind2=" ">
    <subfield code="a">11x0314abo</subfield>
  </datafield>
  <datafield tag="600" ind1=" " ind2="2">
    <subfield code="a">Walls, Jeannette</subfield>
    <subfield code="d">1960-</subfield>
    <subfield code="j">am.</subfield>
    <subfield code="x">Fortellinger</subfield>
    <subfield code="3">2044948000</subfield>
  </datafield>
  <datafield tag="655" ind1=" " ind2="2">
    <subfield code="a">Biografisk</subfield>
    <subfield code="3">19661300</subfield>
  </datafield>
  <datafield tag="691" ind1=" " ind2="2">
    <subfield code="a">Oppvekst</subfield>
    <subfield code="x">Fortellinger</subfield>
    <subfield code="3">2045801100</subfield>
  </datafield>
  <datafield tag="691" ind1=" " ind2="2">
    <subfield code="a">USA</subfield>
    <subfield code="x">Virginia</subfield>
    <subfield code="x">Fortellinger</subfield>
    <subfield code="3">2044515400</subfield>
  </datafield>
  <datafield tag="699" ind1=" " ind2="2">
    <subfield code="a">Biografisk</subfield>
    <subfield code="2">BS</subfield>
    <subfield code="9">nor</subfield>
  </datafield>
  <datafield tag="699" ind1=" " ind2="2">
    <subfield code="a">Familieforhold</subfield>
    <subfield code="x">Fortellinger</subfield>
    <subfield code="1">306.87</subfield>
    <subfield code="2">BS</subfield>
    <subfield code="9">nob</subfield>
  </datafield>
  <datafield tag="699" ind1=" " ind2="2">
    <subfield code="a">USA</subfield>
    <subfield code="z">Vest-Virginia</subfield>
    <subfield code="x">Fortellinger</subfield>
    <subfield code="1">975.4</subfield>
    <subfield code="2">BS</subfield>
    <subfield code="9">nob</subfield>
  </datafield>
  <datafield tag="699" ind1=" " ind2="2">
    <subfield code="a">Walls, Jeannette</subfield>
    <subfield code="x">Fortellinger</subfield>
    <subfield code="1">306.87</subfield>
    <subfield code="2">BS</subfield>
    <subfield code="9">nob</subfield>
  </datafield>
  <datafield tag="700" ind1=" " ind2="0">
    <subfield code="a">Aspen, Nina</subfield>
    <subfield code="d">1965-</subfield>
    <subfield code="j">n.</subfield>
    <subfield code="e">overs.</subfield>
    <subfield code="3">22454500</subfield>
  </datafield>
  <datafield tag="850" ind1=" " ind2=" ">
    <subfield code="a">fbjo</subfield>
  </datafield>
  <datafield tag="850" ind1=" " ind2=" ">
    <subfield code="a">ffur</subfield>
  </datafield>
  <datafield tag="850" ind1=" " ind2=" ">
    <subfield code="a">fgam</subfield>
  </datafield>
  <datafield tag="850" ind1=" " ind2=" ">
    <subfield code="a">fhol</subfield>
  </datafield>
  <datafield tag="850" ind1=" " ind2=" ">
    <subfield code="a">flam</subfield>
  </datafield>
  <datafield tag="850" ind1=" " ind2=" ">
    <subfield code="a">flam</subfield>
  </datafield>
  <datafield tag="850" ind1=" " ind2=" ">
    <subfield code="a">fmaj</subfield>
  </datafield>
  <datafield tag="850" ind1=" " ind2=" ">
    <subfield code="a">fmaj</subfield>
  </datafield>
  <datafield tag="850" ind1=" " ind2=" ">
    <subfield code="a">fnor</subfield>
  </datafield>
  <datafield tag="850" ind1=" " ind2=" ">
    <subfield code="a">fopp</subfield>
  </datafield>
  <datafield tag="850" ind1=" " ind2=" ">
    <subfield code="a">froa</subfield>
  </datafield>
  <datafield tag="850" ind1=" " ind2=" ">
    <subfield code="a">fsto</subfield>
  </datafield>
  <datafield tag="850" ind1=" " ind2=" ">
    <subfield code="a">fsto</subfield>
  </datafield>
  <datafield tag="850" ind1=" " ind2=" ">
    <subfield code="a">ftor</subfield>
  </datafield>
  <datafield tag="850" ind1=" " ind2=" ">
    <subfield code="a">hutl</subfield>
  </datafield>
  <datafield tag="850" ind1=" " ind2=" ">
    <subfield code="a">hutl</subfield>
  </datafield>
  <datafield tag="850" ind1=" " ind2=" ">
    <subfield code="a">hutl</subfield>
  </datafield>
  <datafield tag="850" ind1=" " ind2=" ">
    <subfield code="a">hutl</subfield>
  </datafield>
  <datafield tag="850" ind1=" " ind2=" ">
    <subfield code="a">hutl</subfield>
  </datafield>
</record>