
<record>
  <leader>00877nam  2200289   4500</leader>
  <controlfield tag="001">1194607</controlfield>
  <controlfield tag="008">111125                a          1deng 2</controlfield>
  <datafield tag="015" ind1=" " ind2=" ">
    <subfield code="a">0217272</subfield>
    <subfield code="b">BIBBI</subfield>
  </datafield>
  <datafield tag="015" ind1=" " ind2=" ">
    <subfield code="a">5268444</subfield>
    <subfield code="b">BibliofilID</subfield>
  </datafield>
  <datafield tag="019" ind1=" " ind2=" ">
    <subfield code="b">l</subfield>
    <subfield code="d">R</subfield>
  </datafield>
  <datafield tag="020" ind1=" " ind2=" ">
    <subfield code="a">978-1-84408-182-0</subfield>
    <subfield code="b">h.</subfield>
    <subfield code="c">Nkr 130.00</subfield>
  </datafield>
  <datafield tag="090" ind1=" " ind2=" ">
    <subfield code="c">ENG</subfield>
    <subfield code="d">Wal</subfield>
  </datafield>
  <datafield tag="100" ind1=" " ind2="0">
    <subfield code="a">Walls, Jeannette</subfield>
    <subfield code="d">1960-</subfield>
    <subfield code="j">am.</subfield>
    <subfield code="3">2043544700</subfield>
  </datafield>
  <datafield tag="245" ind1="1" ind2="0">
    <subfield code="a">The glass castle</subfield>
    <subfield code="c">Jeannette Walls</subfield>
  </datafield>
  <datafield tag="250" ind1=" " ind2=" ">
    <subfield code="a">Repr.</subfield>
  </datafield>
  <datafield tag="260" ind1=" " ind2=" ">
    <subfield code="a">London</subfield>
    <subfield code="b">Virago</subfield>
    <subfield code="c">2011</subfield>
  </datafield>
  <datafield tag="300" ind1=" " ind2=" ">
    <subfield code="a">341 s.</subfield>
  </datafield>
  <datafield tag="590" ind1=" " ind2=" ">
    <subfield code="a">11-uke47a</subfield>
  </datafield>
  <datafield tag="599" ind1=" " ind2=" ">
    <subfield code="a">11x1125gb</subfield>
  </datafield>
  <datafield tag="600" ind1=" " ind2="2">
    <subfield code="a">Walls, Jeannette</subfield>
    <subfield code="d">1960-</subfield>
    <subfield code="j">am.</subfield>
    <subfield code="x">Fortellinger</subfield>
    <subfield code="3">2044948000</subfield>
  </datafield>
  <datafield tag="655" ind1=" " ind2="2">
    <subfield code="a">Biografisk</subfield>
    <subfield code="3">19661300</subfield>
  </datafield>
  <datafield tag="691" ind1=" " ind2="2">
    <subfield code="a">Oppvekst</subfield>
    <subfield code="x">Fortellinger</subfield>
    <subfield code="3">2045801100</subfield>
  </datafield>
  <datafield tag="691" ind1=" " ind2="2">
    <subfield code="a">USA</subfield>
    <subfield code="x">Virginia</subfield>
    <subfield code="x">Fortellinger</subfield>
    <subfield code="3">2044515400</subfield>
  </datafield>
  <datafield tag="699" ind1=" " ind2="2">
    <subfield code="a">Familieforhold</subfield>
    <subfield code="x">Fortellinger</subfield>
    <subfield code="1">306.87</subfield>
    <subfield code="2">BS</subfield>
  </datafield>
  <datafield tag="699" ind1=" " ind2="2">
    <subfield code="a">Walls, Jeannette</subfield>
    <subfield code="x">Fortellinger</subfield>
    <subfield code="1">306.87</subfield>
    <subfield code="2">BS</subfield>
  </datafield>
  <datafield tag="850" ind1=" " ind2=" ">
    <subfield code="a">fmaj</subfield>
  </datafield>
  <datafield tag="850" ind1=" " ind2=" ">
    <subfield code="a">hutl</subfield>
  </datafield>
</record>