
<record>
  <leader>00943nam  2200325   4500</leader>
  <controlfield tag="001">1237882</controlfield>
  <controlfield tag="008">120208                a          10nob 2</controlfield>
  <datafield tag="015" ind1=" " ind2=" ">
    <subfield code="a">0277659</subfield>
    <subfield code="b">BIBBI</subfield>
  </datafield>
  <datafield tag="015" ind1=" " ind2=" ">
    <subfield code="a">7255798</subfield>
    <subfield code="b">BibliofilID</subfield>
  </datafield>
  <datafield tag="015" ind1=" " ind2=" ">
    <subfield code="a">7277435</subfield>
    <subfield code="b">BibliofilID</subfield>
  </datafield>
  <datafield tag="019" ind1=" " ind2=" ">
    <subfield code="b">l</subfield>
    <subfield code="d">R</subfield>
  </datafield>
  <datafield tag="020" ind1=" " ind2=" ">
    <subfield code="a">978-82-8205-137-8</subfield>
    <subfield code="b">ib.</subfield>
    <subfield code="c">Nkr 349.00</subfield>
  </datafield>
  <datafield tag="041" ind1=" " ind2=" ">
    <subfield code="h">eng</subfield>
  </datafield>
  <datafield tag="090" ind1=" " ind2=" ">
    <subfield code="d">Wat</subfield>
  </datafield>
  <datafield tag="100" ind1=" " ind2="0">
    <subfield code="a">Watson, Christie</subfield>
    <subfield code="j">eng.</subfield>
    <subfield code="3">2046117900</subfield>
  </datafield>
  <datafield tag="240" ind1="1" ind2="0">
    <subfield code="a">Tiny sunbirds, far away</subfield>
  </datafield>
  <datafield tag="245" ind1="1" ind2="0">
    <subfield code="a">Solfuglen</subfield>
    <subfield code="b">roman</subfield>
    <subfield code="c">Christie Watson ; oversatt av Jorunn Leite</subfield>
  </datafield>
  <datafield tag="260" ind1=" " ind2=" ">
    <subfield code="a">Oslo</subfield>
    <subfield code="b">Juritzen</subfield>
    <subfield code="c">2012</subfield>
  </datafield>
  <datafield tag="300" ind1=" " ind2=" ">
    <subfield code="a">400 s.</subfield>
  </datafield>
  <datafield tag="574" ind1=" " ind2=" ">
    <subfield code="a">Originaltittel: Tiny sunbirds, far away</subfield>
  </datafield>
  <datafield tag="590" ind1=" " ind2=" ">
    <subfield code="a">12-uke6a</subfield>
  </datafield>
  <datafield tag="599" ind1=" " ind2=" ">
    <subfield code="a">12x0208aks</subfield>
  </datafield>
  <datafield tag="691" ind1=" " ind2="2">
    <subfield code="a">Nigeria</subfield>
    <subfield code="x">Fortellinger</subfield>
    <subfield code="3">32095900</subfield>
  </datafield>
  <datafield tag="691" ind1=" " ind2="2">
    <subfield code="a">Oppvekst</subfield>
    <subfield code="x">Fortellinger</subfield>
    <subfield code="3">2045801100</subfield>
  </datafield>
  <datafield tag="699" ind1=" " ind2="2">
    <subfield code="a">Nigeria</subfield>
    <subfield code="x">Fortellinger</subfield>
    <subfield code="1">966.9</subfield>
    <subfield code="2">BS</subfield>
    <subfield code="9">nob</subfield>
  </datafield>
  <datafield tag="700" ind1=" " ind2="0">
    <subfield code="a">Leite, Jorunn</subfield>
    <subfield code="j">n.</subfield>
    <subfield code="e">overs.</subfield>
    <subfield code="3">2045354200</subfield>
  </datafield>
  <datafield tag="850" ind1=" " ind2=" ">
    <subfield code="a">flam</subfield>
  </datafield>
  <datafield tag="850" ind1=" " ind2=" ">
    <subfield code="a">fmaj</subfield>
  </datafield>
  <datafield tag="850" ind1=" " ind2=" ">
    <subfield code="a">hutl</subfield>
  </datafield>
  <datafield tag="850" ind1=" " ind2=" ">
    <subfield code="a">hutl</subfield>
  </datafield>
</record>