
<record>
  <leader>00614nam  2200229   4500</leader>
  <controlfield tag="001">1256099</controlfield>
  <controlfield tag="008">120418                a          10eng 2</controlfield>
  <datafield tag="015" ind1=" " ind2=" ">
    <subfield code="a">0282403</subfield>
    <subfield code="b">BIBBI</subfield>
  </datafield>
  <datafield tag="015" ind1=" " ind2=" ">
    <subfield code="a">9239859</subfield>
    <subfield code="b">BibliofilID</subfield>
  </datafield>
  <datafield tag="019" ind1=" " ind2=" ">
    <subfield code="b">l</subfield>
    <subfield code="d">R</subfield>
  </datafield>
  <datafield tag="020" ind1=" " ind2=" ">
    <subfield code="a">978-1-84767-981-9</subfield>
    <subfield code="b">h.</subfield>
    <subfield code="c">Nkr 140.00</subfield>
  </datafield>
  <datafield tag="090" ind1=" " ind2=" ">
    <subfield code="c">ENG</subfield>
    <subfield code="d">Whi</subfield>
  </datafield>
  <datafield tag="100" ind1=" " ind2="0">
    <subfield code="a">Whitehouse, David</subfield>
    <subfield code="d">1981-</subfield>
    <subfield code="j">eng.</subfield>
    <subfield code="3">2046406600</subfield>
  </datafield>
  <datafield tag="245" ind1="1" ind2="0">
    <subfield code="a">Bed</subfield>
    <subfield code="b">a novel</subfield>
    <subfield code="c">David Whitehouse</subfield>
  </datafield>
  <datafield tag="260" ind1=" " ind2=" ">
    <subfield code="a">Edinburgh</subfield>
    <subfield code="b">Canongate</subfield>
    <subfield code="c">2011</subfield>
  </datafield>
  <datafield tag="300" ind1=" " ind2=" ">
    <subfield code="a">297 s.</subfield>
  </datafield>
  <datafield tag="590" ind1=" " ind2=" ">
    <subfield code="a">12-uke16a</subfield>
  </datafield>
  <datafield tag="599" ind1=" " ind2=" ">
    <subfield code="a">12x0419gb</subfield>
  </datafield>
  <datafield tag="691" ind1=" " ind2="2">
    <subfield code="a">Oppvekst</subfield>
    <subfield code="x">Fortellinger</subfield>
    <subfield code="3">2045801100</subfield>
  </datafield>
  <datafield tag="699" ind1=" " ind2="2">
    <subfield code="a">Oppvekst</subfield>
    <subfield code="2">BS</subfield>
    <subfield code="9">nor</subfield>
  </datafield>
  <datafield tag="850" ind1=" " ind2=" ">
    <subfield code="a">fmaj</subfield>
  </datafield>
  <datafield tag="850" ind1=" " ind2=" ">
    <subfield code="a">hutl</subfield>
  </datafield>
</record>